%% This BibTeX bibliography file was created using BibDesk.
%% http://bibdesk.sourceforge.net/


%% Created for Andrew at 2017-10-03 10:17:03 +1100 


%% Saved with string encoding Unicode (UTF-8) 



@article{DanabasogluYeagerBaileyBehrensBentsenBiBiastochBoningBozec2014a,
	Author = {Danabasoglu, Gokhan and Yeager, Steve G. and Bailey, David and Behrens, Erik and Bentsen, Mats and Bi, Daohua and Biastoch, Arne and B{\"o}ning, Claus and Bozec, Alexandra and Canuto, Vittorio M. and et al.},
	Date-Added = {2017-10-02 23:17:02 +0000},
	Date-Modified = {2017-10-02 23:17:02 +0000},
	Doi = {10.1016/j.ocemod.2013.10.005},
	Issn = {1463-5003},
	Journal = {Ocean Modelling},
	Month = {Jan},
	Pages = {76--107},
	Publisher = {Elsevier BV},
	Title = {{North Atlantic} simulations in {Coordinated Ocean-ice Reference Experiments} phase {II} {(CORE-II)}. {Part I}: Mean states},
	Url = {http://dx.doi.org/10.1016/j.ocemod.2013.10.005},
	Volume = {73},
	Year = {2014},
	Bdsk-File-1 = {YnBsaXN0MDDUAQIDBAUGJCVYJHZlcnNpb25YJG9iamVjdHNZJGFyY2hpdmVyVCR0b3ASAAGGoKgHCBMUFRYaIVUkbnVsbNMJCgsMDxJXTlMua2V5c1pOUy5vYmplY3RzViRjbGFzc6INDoACgAOiEBGABIAFgAdccmVsYXRpdmVQYXRoWWFsaWFzRGF0YV8QXC4uLy4uLy4uL0VwcmludHMvRGFuYWJhc29nbHVZZWFnZXJCYWlsZXlCZWhyZW5zQmVudHNlbkJpQmlhc3RvY2hCb25pbmdCb3plYzIwMTRhLUNPUkUtSUkucGRm0hcLGBlXTlMuZGF0YU8RAkAAAAAAAkAAAgAABUFLbWFjAAAAAAAAAAAAAAAAAAAAAAAAAAAAANXa2PtIKwAAABgs0h9EYW5hYmFzb2dsdVllYWdlckJhaSM4ODYzRDMucGRmAAAAAAAAAAAAAAAAAAAAAAAAAAAAAAAAAAAAAAAAAAAAiGPT1fkQkwAAAAAAAAAAAAMAAgAACSAAAAAAAAAAAAAAAAAAAAAHRXByaW50cwAAEAAIAADV2kxbAAAAEQAIAADV+HXjAAAAAQAQABgs0gAXi3IABu1bAAZnowACAEZBS21hYzpVc2VyczoAYW5keToARG9jdW1lbnRzOgBFcHJpbnRzOgBEYW5hYmFzb2dsdVllYWdlckJhaSM4ODYzRDMucGRmAA4AmABLAEQAYQBuAGEAYgBhAHMAbwBnAGwAdQBZAGUAYQBnAGUAcgBCAGEAaQBsAGUAeQBCAGUAaAByAGUAbgBzAEIAZQBuAHQAcwBlAG4AQgBpAEIAaQBhAHMAdABvAGMAaABCAG8AbgBpAG4AZwBCAG8AegBlAGMAMgAwADEANABhAC0AQwBPAFIARQAtAEkASQAuAHAAZABmAA8ADAAFAEEASwBtAGEAYwASAGhVc2Vycy9hbmR5L0RvY3VtZW50cy9FcHJpbnRzL0RhbmFiYXNvZ2x1WWVhZ2VyQmFpbGV5QmVocmVuc0JlbnRzZW5CaUJpYXN0b2NoQm9uaW5nQm96ZWMyMDE0YS1DT1JFLUlJLnBkZgATAAEvAAAVAAIAC///AACABtIbHB0eWiRjbGFzc25hbWVYJGNsYXNzZXNdTlNNdXRhYmxlRGF0YaMdHyBWTlNEYXRhWE5TT2JqZWN00hscIiNcTlNEaWN0aW9uYXJ5oiIgXxAPTlNLZXllZEFyY2hpdmVy0SYnVHJvb3SAAQAIABEAGgAjAC0AMgA3AEAARgBNAFUAYABnAGoAbABuAHEAcwB1AHcAhACOAO0A8gD6Az4DQANFA1ADWQNnA2sDcgN7A4ADjQOQA6IDpQOqAAAAAAAAAgEAAAAAAAAAKAAAAAAAAAAAAAAAAAAAA6w=},
	Bdsk-Url-1 = {http://dx.doi.org/10.1016/j.ocemod.2013.10.005},
	Bdsk-Url-2 = {http://www.sciencedirect.com/science/journal/14635003/vsi/10PSR6J3BV4?sdc=1}}

@article{GriffiesBiastochBoningBryanDanabasogluChassignetEnglandGerdesHaak2009a,
	Author = {Griffies, Stephen M. and Biastoch, Arne and B{\"o}ning, Claus and Bryan, Frank and Danabasoglu, Gokhan and Chassignet, Eric P. and England, Matthew H. and Gerdes, R{\"u}diger and Haak, Helmuth and Hallberg, Robert W. and et al.},
	Date-Added = {2017-10-02 23:16:51 +0000},
	Date-Modified = {2017-10-02 23:16:51 +0000},
	Doi = {10.1016/j.ocemod.2008.08.007},
	Issn = {1463-5003},
	Journal = {Ocean Modelling},
	Month = {Jan},
	Number = {1-2},
	Pages = {1--46},
	Publisher = {Elsevier BV},
	Title = {Coordinated Ocean-ice Reference Experiments {(COREs)}},
	Url = {http://dx.doi.org/10.1016/j.ocemod.2008.08.007},
	Volume = {26},
	Year = {2009},
	Bdsk-File-1 = {YnBsaXN0MDDUAQIDBAUGJCVYJHZlcnNpb25YJG9iamVjdHNZJGFyY2hpdmVyVCR0b3ASAAGGoKgHCBMUFRYaIVUkbnVsbNMJCgsMDxJXTlMua2V5c1pOUy5vYmplY3RzViRjbGFzc6INDoACgAOiEBGABIAFgAdccmVsYXRpdmVQYXRoWWFsaWFzRGF0YV8QYC4uLy4uLy4uL0VwcmludHMvR3JpZmZpZXNCaWFzdG9jaEJvbmluZ0JyeWFuRGFuYWJhc29nbHVDaGFzc2lnbmV0RW5nbGFuZEdlcmRlc0hhYWsyMDA5YS1DT1JFLnBkZtIXCxgZV05TLmRhdGFPEQJMAAAAAAJMAAIAAAVBS21hYwAAAAAAAAAAAAAAAAAAAAAAAAAAAADV2tj7SCsAAAAYLNIfR3JpZmZpZXNCaWFzdG9jaEJvbmkjODg2MzBDLnBkZgAAAAAAAAAAAAAAAAAAAAAAAAAAAAAAAAAAAAAAAAAAAIhjDNX5DSRQREYgAAAAAAADAAIAAAkgAAAAAAAAAAAAAAAAAAAAB0VwcmludHMAABAACAAA1dpMWwAAABEACAAA1fhydAAAAAEAEAAYLNIAF4tyAAbtWwAGZ6MAAgBGQUttYWM6VXNlcnM6AGFuZHk6AERvY3VtZW50czoARXByaW50czoAR3JpZmZpZXNCaWFzdG9jaEJvbmkjODg2MzBDLnBkZgAOAKAATwBHAHIAaQBmAGYAaQBlAHMAQgBpAGEAcwB0AG8AYwBoAEIAbwBuAGkAbgBnAEIAcgB5AGEAbgBEAGEAbgBhAGIAYQBzAG8AZwBsAHUAQwBoAGEAcwBzAGkAZwBuAGUAdABFAG4AZwBsAGEAbgBkAEcAZQByAGQAZQBzAEgAYQBhAGsAMgAwADAAOQBhAC0AQwBPAFIARQAuAHAAZABmAA8ADAAFAEEASwBtAGEAYwASAGxVc2Vycy9hbmR5L0RvY3VtZW50cy9FcHJpbnRzL0dyaWZmaWVzQmlhc3RvY2hCb25pbmdCcnlhbkRhbmFiYXNvZ2x1Q2hhc3NpZ25ldEVuZ2xhbmRHZXJkZXNIYWFrMjAwOWEtQ09SRS5wZGYAEwABLwAAFQACAAv//wAAgAbSGxwdHlokY2xhc3NuYW1lWCRjbGFzc2VzXU5TTXV0YWJsZURhdGGjHR8gVk5TRGF0YVhOU09iamVjdNIbHCIjXE5TRGljdGlvbmFyeaIiIF8QD05TS2V5ZWRBcmNoaXZlctEmJ1Ryb290gAEACAARABoAIwAtADIANwBAAEYATQBVAGAAZwBqAGwAbgBxAHMAdQB3AIQAjgDxAPYA/gNOA1ADVQNgA2kDdwN7A4IDiwOQA50DoAOyA7UDugAAAAAAAAIBAAAAAAAAACgAAAAAAAAAAAAAAAAAAAO8},
	Bdsk-File-2 = {YnBsaXN0MDDUAQIDBAUGJCVYJHZlcnNpb25YJG9iamVjdHNZJGFyY2hpdmVyVCR0b3ASAAGGoKgHCBMUFRYaIVUkbnVsbNMJCgsMDxJXTlMua2V5c1pOUy5vYmplY3RzViRjbGFzc6INDoACgAOiEBGABIAFgAdccmVsYXRpdmVQYXRoWWFsaWFzRGF0YV8QYC4uLy4uLy4uL0VwcmludHMvR3JpZmZpZXNCaWFzdG9jaEJvbmluZ0JyeWFuRGFuYWJhc29nbHVDaGFzc2lnbmV0RW5nbGFuZEdlcmRlc0hhYWsyMDA5YS1DT1JFLnBkZtIXCxgZV05TLmRhdGFPEQJMAAAAAAJMAAIAAAVBS21hYwAAAAAAAAAAAAAAAAAAAAAAAAAAAADV2tj7SCsAAAAYLNIfR3JpZmZpZXNCaWFzdG9jaEJvbmkjODg2MzBDLnBkZgAAAAAAAAAAAAAAAAAAAAAAAAAAAAAAAAAAAAAAAAAAAIhjDNX5DSRQREYgAAAAAAADAAIAAAkgAAAAAAAAAAAAAAAAAAAAB0VwcmludHMAABAACAAA1dpMWwAAABEACAAA1fhydAAAAAEAEAAYLNIAF4tyAAbtWwAGZ6MAAgBGQUttYWM6VXNlcnM6AGFuZHk6AERvY3VtZW50czoARXByaW50czoAR3JpZmZpZXNCaWFzdG9jaEJvbmkjODg2MzBDLnBkZgAOAKAATwBHAHIAaQBmAGYAaQBlAHMAQgBpAGEAcwB0AG8AYwBoAEIAbwBuAGkAbgBnAEIAcgB5AGEAbgBEAGEAbgBhAGIAYQBzAG8AZwBsAHUAQwBoAGEAcwBzAGkAZwBuAGUAdABFAG4AZwBsAGEAbgBkAEcAZQByAGQAZQBzAEgAYQBhAGsAMgAwADAAOQBhAC0AQwBPAFIARQAuAHAAZABmAA8ADAAFAEEASwBtAGEAYwASAGxVc2Vycy9hbmR5L0RvY3VtZW50cy9FcHJpbnRzL0dyaWZmaWVzQmlhc3RvY2hCb25pbmdCcnlhbkRhbmFiYXNvZ2x1Q2hhc3NpZ25ldEVuZ2xhbmRHZXJkZXNIYWFrMjAwOWEtQ09SRS5wZGYAEwABLwAAFQACAAv//wAAgAbSGxwdHlokY2xhc3NuYW1lWCRjbGFzc2VzXU5TTXV0YWJsZURhdGGjHR8gVk5TRGF0YVhOU09iamVjdNIbHCIjXE5TRGljdGlvbmFyeaIiIF8QD05TS2V5ZWRBcmNoaXZlctEmJ1Ryb290gAEACAARABoAIwAtADIANwBAAEYATQBVAGAAZwBqAGwAbgBxAHMAdQB3AIQAjgDxAPYA/gNOA1ADVQNgA2kDdwN7A4IDiwOQA50DoAOyA7UDugAAAAAAAAIBAAAAAAAAACgAAAAAAAAAAAAAAAAAAAO8},
	Bdsk-Url-1 = {http://www.sciencedirect.com/science/article/pii/S1463500308001182},
	Bdsk-Url-2 = {http://dx.doi.org/10.1016/j.ocemod.2008.08.007}}

@article{StewartHoggGriffiesHeerdegenWardSpenceEngland2017a,
	Author = {Stewart, K.D. and Hogg, A.McC. and Griffies, S.M. and Heerdegen, A.P. and Ward, M.L. and Spence, P. and England, M.H.},
	Date-Added = {2017-10-01 02:17:40 +0000},
	Date-Modified = {2017-10-01 02:17:40 +0000},
	Doi = {10.1016/j.ocemod.2017.03.012},
	Issn = {1463-5003},
	Journal = {Ocean Modelling},
	Month = {Mar},
	Publisher = {Elsevier BV},
	Title = {Vertical resolution of baroclinic modes in global ocean models},
	Url = {http://dx.doi.org/10.1016/j.ocemod.2017.03.012},
	Year = {2017},
	Bdsk-File-1 = {YnBsaXN0MDDUAQIDBAUGJCVYJHZlcnNpb25YJG9iamVjdHNZJGFyY2hpdmVyVCR0b3ASAAGGoKgHCBMUFRYaIVUkbnVsbNMJCgsMDxJXTlMua2V5c1pOUy5vYmplY3RzViRjbGFzc6INDoACgAOiEBGABIAFgAdccmVsYXRpdmVQYXRoWWFsaWFzRGF0YV8QRy4uLy4uLy4uL0VwcmludHMvU3Rld2FydEhvZ2dHcmlmZmllc0hlZXJkZWdlbldhcmRTcGVuY2VFbmdsYW5kMjAxN2EucGRm0hcLGBlXTlMuZGF0YU8RAgIAAAAAAgIAAgAABUFLbWFjAAAAAAAAAAAAAAAAAAAAAAAAAAAAANXa2PtIKwAAABgs0h9TdGV3YXJ0SG9nZ0dyaWZmaWVzSCMxODQzREEucGRmAAAAAAAAAAAAAAAAAAAAAAAAAAAAAAAAAAAAAAAAAAAAGEPa1QLRugAAAAAAAAAAAAMAAgAACSAAAAAAAAAAAAAAAAAAAAAHRXByaW50cwAAEAAIAADV2kxbAAAAEQAIAADVAjcKAAAAAQAQABgs0gAXi3IABu1bAAZnowACAEZBS21hYzpVc2VyczoAYW5keToARG9jdW1lbnRzOgBFcHJpbnRzOgBTdGV3YXJ0SG9nZ0dyaWZmaWVzSCMxODQzREEucGRmAA4AbgA2AFMAdABlAHcAYQByAHQASABvAGcAZwBHAHIAaQBmAGYAaQBlAHMASABlAGUAcgBkAGUAZwBlAG4AVwBhAHIAZABTAHAAZQBuAGMAZQBFAG4AZwBsAGEAbgBkADIAMAAxADcAYQAuAHAAZABmAA8ADAAFAEEASwBtAGEAYwASAFNVc2Vycy9hbmR5L0RvY3VtZW50cy9FcHJpbnRzL1N0ZXdhcnRIb2dnR3JpZmZpZXNIZWVyZGVnZW5XYXJkU3BlbmNlRW5nbGFuZDIwMTdhLnBkZgAAEwABLwAAFQACAAv//wAAgAbSGxwdHlokY2xhc3NuYW1lWCRjbGFzc2VzXU5TTXV0YWJsZURhdGGjHR8gVk5TRGF0YVhOU09iamVjdNIbHCIjXE5TRGljdGlvbmFyeaIiIF8QD05TS2V5ZWRBcmNoaXZlctEmJ1Ryb290gAEACAARABoAIwAtADIANwBAAEYATQBVAGAAZwBqAGwAbgBxAHMAdQB3AIQAjgDYAN0A5QLrAu0C8gL9AwYDFAMYAx8DKAMtAzoDPQNPA1IDVwAAAAAAAAIBAAAAAAAAACgAAAAAAAAAAAAAAAAAAANZ},
	Bdsk-Url-1 = {http://dx.doi.org/10.1016/j.ocemod.2017.03.012}}
